

@inproceedings{1,
 author = {European Technology Patform},
 title = {Update of the SmartGrids SRA 2007 for the needs by the year 2035},
 year = {2012},
 keywords = {smart grids},
} 

@inproceedings{2,
 author = {J. Cerquides, G. Picard, J. A. Rodríguez-Aguilar},
 title = {Designing a Marketplace for the Trading and Distribution
of Energy in the Smart Grid},
 year = {2015},
 keywords = {RadPro},
} 

@inproceedings{3,
 author = {J. Cerquides, G. Picard, J. A. Rodríguez-Agilar},
 title = {Defining and solving the energy allocation problem with conyinuous prosumers},
 year = {2015},
 keywords = {CEAP},
} 

@inproceedings{4,
 author = {Gliffy Team},
 title = {Gliffy, herramienta web. https://www.gliffy.com/},
 keywords = {diagrams},
} 

@inproceedings{5,
 author = {Code Charm Ltd},
 title = {Code2flow, herramienta web. https://www.code2flow.com/},
 keywords = {flow charts},
} 

@inproceedings{6,
 author = {Matt Schoen, Deflective Studios},
 title = {JSONObject. http://wiki.unity3d.com/index.php?title=JSONObject},
 keywords = {JSON parsing for Unity},
} 


@inproceedings{7,
 author = {StarScene software},
 title = {OBJReader. http://www.starscenesoftware.com/objreader.html},
 keywords = {OBJ parsing for Unity},
} 
\item Iconos 2D de la visualización: Icons made by \link{Freepik}{www.freepik.com} and \link{Google}{http://www.flaticon.com/authors/google} from \link{Flaticon}{www.flaticon.com} licensed by \link{Creative Commons BY 3.0}{http://creativecommons.org/licenses/by/3.0/}
@inproceedings{8,
 author = {Freepik},
 title = {Icons made by www.freepik.com at www.flaticon.com},
 keywords = {2D Icons},
} 

@inproceedings{9,
 author = {Bunny83, UnityAnswers user},
 title = {ThreadedJob. Generador de hilos para Unity: ThreadedJob by \link{Bunny83}{http://answers.unity3d.com/users/6612/bunny83.html} at UnityAnswers},
 keywords = {Thread support for Unity},
} 



@inproceedings{10,
 author = {D. Urieli and P. Stone},
 title = {TacTex’13: A Champion Adaptive Power Trading Agent},
 keywords = {reinforcement learning},
}  